@online {eigen,
    title = {Eigen},
    url   = {https://eigen.tuxfamily.org/index.php?title=Main_Page},
}

@online {eigenBroadcast,
    title = {Eigen Broadcasting Module},
    url   = {https://eigen.tuxfamily.org/dox/group__TutorialReductionsVisitorsBroadcasting.html#TutorialReductionsVisitorsBroadcastingBroadcasting},
}

@online {eigenSolver,
    title = {Eigen \texttt{SelfAdjointEigenSolver} library},
    url   = {https://eigen.tuxfamily.org/dox/classEigen_1_1SelfAdjointEigenSolver.html},
}

@online{eigenBlock,
    title = {Eigen Block Operations Module},
    url   = {https://eigen.tuxfamily.org/dox/group__TutorialBlockOperations.html},
}

@online {filesystem,
    title = {C++17 \texttt{filesystem} library},
    url   = {https://en.cppreference.com/w/cpp/filesystem},
}

@INPROCEEDINGS{eigenfaces,  author={Turk, M.A. and Pentland, A.P.},  booktitle={Proceedings. 1991 IEEE Computer Society Conference on Computer Vision and Pattern Recognition},   title={Face recognition using eigenfaces},   year={1991},  volume={},  number={},  pages={586-591},  doi={10.1109/CVPR.1991.139758}}

@ARTICLE{feretdataset,  author={Phillips, P.J. and Hyeonjoon Moon and Rizvi, S.A. and Rauss, P.J.},  journal={IEEE Transactions on Pattern Analysis and Machine Intelligence},   title={The FERET evaluation methodology for face-recognition algorithms},   year={2000},  volume={22},  number={10},  pages={1090-1104},  doi={10.1109/34.879790}}